@book{Guy2006,
	address = {Sebastopol, CA},
	publisher = {O{'}Reilly Media},
	Tags = {book, database, mysql},
	author = {Harrison, Guy; Feuerstein, Steven},
	title = {MySQL Stored Procedure Programming},
	year = {2006},
	tags = "mysql"
}

@book{Ambler2004a,
	publisher = {Cambridge University Press},
	author = {Scott W. Ambler},
	title = {The Elements of UML 2.0 Style},
	year = {2004},
	tags = "uml"
}

@book{Ambler2004b,
	edition = {3a},
	publisher = {Cambridge University Press},
	author = {Scott W. Ambler},
	title = {The Object Primer: Agile Model-Driven Development with UML 2.0},
	year = {2004},
	tags = "uml"
}

@book{Larman2007,
	address = {Porto Alegre},
	edition = {3a},
	publisher = {Bookman},
	author = {Craig Larman},
	title = {Utilizando UML e Padr{\~{o}}es},
	year = {2007},
	tags = "uml"
}

@book{Wazlawick2004,
	address = {Rio de Janeiro},
	publisher = {Campus},
	author = {Raul Wazlawick},
	title = {An{\'{a}}lise e Projeto de Sistemas de Informa{\c{c}}{\~{a}}o Orientados a Objetos},
	year = {2004},
	tags = "uml"
}

@book{Blaha2006,
	address = {Rio de Janeiro},
	edition = {2a},
	publisher = {Campus},
	author = {Michael Blaha, James Rumbaugh},
	title = {Modelagem e Projetos Baseados em Objetos com UML 2},
	year = {2006},
	tags = "uml"
}

@book{Fowler2005,
	address = {Porto Alegre},
	edition = {3a.},
	publisher = {Bookman},
	author = {Martin Fowler},
	title = {UML Essencial},
	year = {2005},
}

@book{Sommerville2007,
	address = {S{\~{a}}o Paulo},
	edition = {8a},
	publisher = {Pearson Addison-Wesley},
	author = {Ian Sommervile},
	title = {Engenharia de Software},
	year = {2007},
	tags = "es"
}

@book{Rational2004a,
	address = {USA},
	editor = {IBM Rational},
	publisher = {IBM Rational},
	author = {Rational},
	title = {Essentials Of Visual Modeling With UML 2:instructor guide},
	year = {2004},
	tags = "uml"
}
@book{Yourdon1989,
	address = {Englewood Cliffs, N.J},
	series = {Yourdon Press computing series},
	title = {Modern structured analysis},
	isbn = {0135986249},
	publisher = {Yourdon Press},
	author = {Yourdon, Edward},
	year = {1989},
	keywords = {Electronic data processing, Structured techniques, System analysis}
}
@misc{Heileman2014,
	address = {On-line Course},
	title = {Web Application Architectures},
	url = {https://class.coursera.org/webapplications-002},
	urldate = {2014-10-08},
	author = {Heileman, Greg}
}
@misc{Hartl2014a,
	title = {Ruby on Rails Tutorial},
	url = {http://www.railstutorial.org},
	urldate = {2014-10-03},
	journal = {Ruby on Rails Tutorial},
	author = {Hartl, Michael}
}